@misc{anthropic2024claude,
  title = {Introducing the next Generation of Claude},
  author = {Anthropic},
  year = {2024},
  howpublished = {\url{https://www.anthropic.com/news/claude-3-family}}
}

@article{brown2020language,
  author       = {Tom B. Brown and
                  Benjamin Mann and
                  Nick Ryder and
                  Melanie Subbiah and
                  Jared Kaplan and others},
  title        = {Language Models are Few-Shot Learners},
  journal      = {CoRR},
  volume       = {abs/2005.14165},
  year         = {2020},
  url          = {https://arxiv.org/abs/2005.14165},
  eprinttype    = {arXiv},
  eprint       = {2005.14165},
  timestamp    = {Thu, 25 May 2023 10:38:31 +0200},
  biburl       = {https://dblp.org/rec/journals/corr/abs-2005-14165.bib},
  bibsource    = {dblp computer science bibliography, https://dblp.org}
}

@article{chen2021evaluating,
  author       = {Mark Chen and
                  Jerry Tworek and
                  Heewoo Jun and
                  Qiming Yuan and
                  Henrique Pond{\'{e}} de Oliveira Pinto and others
},
  title        = {Evaluating Large Language Models Trained on Code},
  journal      = {CoRR},
  volume       = {abs/2107.03374},
  year         = {2021},
  url          = {https://arxiv.org/abs/2107.03374},
  eprinttype    = {arXiv},
  eprint       = {2107.03374},
  timestamp    = {Thu, 25 May 2023 10:38:31 +0200},
  biburl       = {https://dblp.org/rec/journals/corr/abs-2107-03374.bib},
  bibsource    = {dblp computer science bibliography, https://dblp.org}
}

@misc{du2024mercury,
      title={Mercury: An Efficiency Benchmark for LLM Code Synthesis}, 
      author={Mingzhe Du and Anh Tuan Luu and Bin Ji and See-Kiong Ng},
      year={2024},
      eprint={2402.07844},
      archivePrefix={arXiv},
      primaryClass={cs.SE}
}

@misc{google2024vertex,
  title = {Introduction to the Vertex AI SDK for Python},
  author = {Google Inc.},
  year = {2024},
  howpublished = {\url{https://cloud.google.com/vertex-ai/docs/python-sdk/use-vertex-ai-python-sdk}}
}


@misc{haase2024biaBob,
  title = {Haesleinhuepf/bia-Bob: 0.11.1-Zenodo},
  author = {Haase, Robert and Tischer, Christian and Yamauchi, Kevin},
  year = {2024},
  howpublished = {\url{https://doi.org/10.5281/zenodo.10912836}}
}

@misc{jiang2023mistral,
      title={Mistral 7B}, 
      author={Albert Q. Jiang and Alexandre Sablayrolles and Arthur Mensch and Chris Bamford and Devendra Singh Chaplot and others},
      year={2023},
      eprint={2310.06825},
      archivePrefix={arXiv},
      primaryClass={cs.CL}
}

@misc{ollama2024windows,
  title = {Windows Preview},
  author = {Ollama},
  year = {2024},
  howpublished = {\url{https://ollama.com/blog/windows-preview}}
}


@misc{ollama2024,
  title = {Ollama},
  author = {Ollama},
  year = {2024},
  howpublished = {\url{https://ollama.com/}}
}

@misc{openai2024gpt4,
      title={GPT-4 Technical Report}, 
      author={OpenAI and Josh Achiam and Steven Adler and Sandhini Agarwal and Lama Ahmad and Ilge Akkaya and others},
      year={2024},
      eprint={2303.08774},
      archivePrefix={arXiv},
      primaryClass={cs.CL}
}

@misc{pichai2023gemini,
  title = {Introducing Gemini: Our Largest and Most Capable AI Model},
  author = {Pichai, Sundar},
  year = {2023},
  howpublished = {\url{https://blog.google/technology/ai/google-gemini-ai/}}
}

@misc{royer2023omega,
  title = {Omega – Harnessing the Power of Large Language Models for Bioimage Analysis},
  author = {Royer, Loic A.},
  year = {2023},
  howpublished = {\url{https://doi.org/10.5281/zenodo.8240289}}
}


@article{Royer2023,
  author = {Royer, Loïc A.},
  year = {2023},
  date = {2023-07-01},
  title = {The future of bioimage analysis: a dialog between mind and machine},
  journal = {Nature Methods},
  volume = {20},
  number = {7},
  pages = {951-952},
  abstract = {The field of bioimage analysis is poised for a major transformation, owing to advancements in imaging technologies and artificial intelligence. The emergence of multimodal foundation models — which are akin to large language models (such as ChatGPT) but are capable of comprehending and processing biological images — holds great potential for ushering in a revolutionary era in bioimage analysis.},
  issn = {1548-7105},
  doi = {10.1038/s41592-023-01930-y},
  url = {https://doi.org/10.1038/s41592-023-01930-y},
}


@misc{roziere2024code,
      title={Code Llama: Open Foundation Models for Code}, 
      author={Baptiste Rozière and Jonas Gehring and Fabian Gloeckle and Sten Sootla and Itai Gat and others},
      year={2024},
      eprint={2308.12950},
      archivePrefix={arXiv},
      primaryClass={cs.CL}
}

@article{austin2021,
  author       = {Jacob Austin and
                  Augustus Odena and
                  Maxwell I. Nye and
                  Maarten Bosma and
                  Henryk Michalewski and others},
  title        = {Program Synthesis with Large Language Models},
  journal      = {CoRR},
  volume       = {abs/2108.07732},
  year         = {2021},
  url          = {https://arxiv.org/abs/2108.07732},
  eprinttype    = {arXiv},
  eprint       = {2108.07732},
  timestamp    = {Fri, 29 Apr 2022 17:42:58 +0200},
  biburl       = {https://dblp.org/rec/journals/corr/abs-2108-07732.bib},
  bibsource    = {dblp computer science bibliography, https://dblp.org}
}

@misc{lai2022ds1000,
      title={DS-1000: A Natural and Reliable Benchmark for Data Science Code Generation}, 
      author={Yuhang Lai and Chengxi Li and Yiming Wang and Tianyi Zhang and Ruiqi Zhong and Luke Zettlemoyer and Scott Wen-tau Yih and Daniel Fried and Sida Wang and Tao Yu},
      year={2022},
      eprint={2211.11501},
      archivePrefix={arXiv},
      primaryClass={cs.SE}
}

@misc{yadav2024pythonsaga,
      title={PythonSaga: Redefining the Benchmark to Evaluate Code Generating LLM}, 
      author={Ankit Yadav and Mayank Singh},
      year={2024},
      eprint={2401.03855},
      archivePrefix={arXiv},
      primaryClass={cs.CL}
}

@misc{geminiteam2024gemini,
      title={Gemini: A Family of Highly Capable Multimodal Models}, 
      author={Gemini Team and Rohan Anil and Sebastian Borgeaud and Jean-Baptiste Alayrac and Jiahui Yu and Radu Soricut and others},
      year={2024},
      eprint={2312.11805},
      archivePrefix={arXiv},
      primaryClass={cs.CL}
}

@misc{hendrycks2021measuring,
      title={Measuring Coding Challenge Competence With APPS}, 
      author={Dan Hendrycks and Steven Basart and Saurav Kadavath and Mantas Mazeika and Akul Arora},
      year={2021},
      eprint={2105.09938},
      archivePrefix={arXiv},
      primaryClass={cs.SE}
}

@software {command_r_plus,
  author={Cohere},
  title={Command R+},
  url= {https://docs.cohere.com/docs/command-r-plus}
}



@software {llama3,
  author={Meta Research},
  title={llama3},
  url= {https://llama.meta.com/llama3/}
}

@misc{jiang2024mixtral,
      title={Mixtral of Experts}, 
      author={Albert Q. Jiang and Alexandre Sablayrolles and Antoine Roux and Arthur Mensch and Blanche Savary and others},
      year={2024},
      eprint={2401.04088},
      archivePrefix={arXiv},
      primaryClass={cs.LG}
}

@misc{abdin2024phi3,
      title={Phi-3 Technical Report: A Highly Capable Language Model Locally on Your Phone}, 
      author={Marah Abdin and Sam Ade Jacobs and Ammar Ahmad Awan and Jyoti Aneja and Ahmed Awadallah and others},
      year={2024},
      eprint={2404.14219},
      archivePrefix={arXiv},
      primaryClass={cs.CL}
}

@misc{jimenez2024swebenchlanguagemodelsresolve,
      title={SWE-bench: Can Language Models Resolve Real-World GitHub Issues?}, 
      author={Carlos E. Jimenez and John Yang and Alexander Wettig and Shunyu Yao and Kexin Pei and Ofir Press and Karthik Narasimhan},
      year={2024},
      eprint={2310.06770},
      archivePrefix={arXiv},
      primaryClass={cs.CL},
      url={https://arxiv.org/abs/2310.06770}, 
}

@article{lu2024aiscientist,
  title={The {AI} {S}cientist: Towards Fully Automated Open-Ended Scientific Discovery},
  author={Lu, Chris and Lu, Cong and Lange, Robert Tjarko and Foerster, Jakob and Clune, Jeff and Ha, David},
  journal={arXiv preprint arXiv:2408.06292},
  year={2024}
}

